@Book{xie2015,
  title = {Dynamic Documents with {R} and knitr},
  author = {Yihui Xie},
  publisher = {Chapman and Hall/CRC},
  address = {Boca Raton, Florida},
  year = {2015},
  edition = {2nd},
  note = {ISBN 978-1498716963},
  url = {http://yihui.name/knitr/},
}
@book{2018aashto,
  title={A Policy on Geometric Design of Highways and Streets, 7th Edition,},
  isbn={9781560516767},
  series={The Green Book},
  url={https://books.google.com/books?id=MWHBDwAAQBAJ},
  year={2018},
  publisher={American Association of State Highway and Transportation Officials}
}