@book{2018aashto,
  title={A Policy on Geometric Design of Highways and Streets, 7th Edition,},
  isbn={9781560516767},
  series={The Green Book},
  url={https://books.google.com/books?id=MWHBDwAAQBAJ},
  year={2018},
  publisher={American Association of State Highway and Transportation Officials}
}
@incollection{wilkinson2012grammar,
  title={The grammar of graphics},
  author={Wilkinson, Leland},
  booktitle={Handbook of Computational Statistics},
  pages={375--414},
  year={2012},
  publisher={Springer}
}